@Article{ref,
author={MuniToke, Ioane},
title={Calcul Stochastique appliqué à la finance}
}